@misc{Gauss,
title = {Robust 3D Reconstruction of Complicated Scenes with Industrial Structures},
journal = {ECCV},
note = {Unpublished as of now}
}


@misc{3DReconstructionlod,
title = {3D Reconstruction and LOD Generation for Urban Scenes},
note = {Unpublished as of now}
}

@article{li_globFit_sigg11,
AUTHOR = "Yangyan Li and Xiaokun Wu and Yiorgos Chrysanthou and Andrei Sharf and Daniel Cohen-Or and Niloy J. Mitra",
TITLE = "GlobFit: Consistently Fitting Primitives by Discovering Global Relations",
JOURNAL = "ACM Transactions on Graphics",
VOLUME = "30",
NUMBER = "4",
pages = {52:1--52:12},
articleno = {52},
numpages = {12},
YEAR = "2011",
}